
% Journals

% First the Full Name is given, then the abbreviation used in the AMS Math
% Reviews, with an indication if it could not be found there.
% Note the 2nd overwrites the 1st, so swap them if you want the full name.

 %{AMS}
 @String{AMSTrans = "American Mathematical Society Translations" }
 @String{AMSTrans = "Amer. Math. Soc. Transl." }
 @String{BullAMS = "Bulletin of the American Mathematical Society" }
 @String{BullAMS = "Bull. Amer. Math. Soc." }
 @String{ProcAMS = "Proceedings of the American Mathematical Society" }
 @String{ProcAMS = "Proc. Amer. Math. Soc." }
 @String{TransAMS = "Transactions of the American Mathematical Society" }
 @String{TransAMS = "Trans. Amer. Math. Soc." }

 %ACM
 @String{CACM = "Communications of the {ACM}" }
 @String{CACM = "Commun. {ACM}" }
 @String{CompServ = "Comput. Surveys" }
 @String{JACM = "J. ACM" }
 @String{ACMMathSoft = "{ACM} Transactions on Mathematical Software" }
 @String{ACMMathSoft = "{ACM} Trans. Math. Software" }
 @String{SIGNUM = "{ACM} {SIGNUM} Newsletter" }
 @String{SIGNUM = "{ACM} {SIGNUM} Newslett." }

 @String{AmerSocio = "American Journal of Sociology" }
 @String{AmerStatAssoc = "Journal of the American Statistical Association" }
 @String{AmerStatAssoc = "J. Amer. Statist. Assoc." }
 @String{ApplMathComp = "Applied Mathematics and Computation" }
 @String{ApplMathComp = "Appl. Math. Comput." }
 @String{AmerMathMonthly = "American Mathematical Monthly" }
 @String{AmerMathMonthly = "Amer. Math. Monthly" }
 @String{BIT = "{BIT}" }
 @String{BritStatPsych = "British Journal of Mathematical and Statistical
          Psychology" }
 @String{BritStatPsych = "Brit. J. Math. Statist. Psych." }
 @String{CanMathBull = "Canadian Mathematical Bulletin" }
 @String{CanMathBull = "Canad. Math. Bull." }
 @String{CompApplMath = "Journal of Computational and Applied Mathematics" }
 @String{CompApplMath = "J. Comput. Appl. Math." }
 @String{CompPhys = "Journal of Computational Physics" }
 @String{CompPhys = "J. Comput. Phys." }
 @String{CompStruct = "Computers and Structures" }
 @String{CompStruct = "Comput. \& Structures" }
 @String{CompJour = "The Computer Journal" }
 @String{CompJour = "Comput. J." }
 @String{CompSysSci = "Journal of Computer and System Sciences" }
 @String{CompSysSci = "J. Comput. System Sci." }
 @String{Computing = "Computing" }
 @String{ContempMath = "Contemporary Mathematics" }
 @String{ContempMath = "Contemp. Math." }
 @String{Crelle = "Crelle's Journal" }
 @String{GiornaleMath = "Giornale di Mathematiche" }
 @String{GiornaleMath = "Giorn. Mat." } % didn't find in AMS MR., ibid.

 %IEEE
 @String{Computer = "{IEEE} Computer" }
 @String{IEEETransComp = "{IEEE} Transactions on Computers" }
 @String{IEEETransComp = "{IEEE} Trans. Comput." }
 @String{IEEETransAC = "{IEEE} Transactions on Automatic Control" }
 @String{IEEETransAC = "{IEEE} Trans. Automat. Control" }
 @String{IEEESpec = "{IEEE} Spectrum" } % didn't find in AMS MR
 @String{ProcIEEE = "Proceedings of the {IEEE}" }
 @String{ProcIEEE = "Proc. {IEEE}" } % didn't find in AMS MR
 @String{IEEETransAeroElec = "{IEEE} Transactions on Aerospace and Electronic
     Systems" }
 @String{IEEETransAeroElec = "{IEEE} Trans. Aerospace Electron. Systems" }

 @String{IMANumerAna = "{IMA} Journal of Numerical Analysis" }
 @String{IMANumerAna = "{IMA} J. Numer. Anal." }
 @String{InfProcLet = "Information Processing Letters" }
 @String{InfProcLet = "Inform. Process. Lett." }
 @String{InstMathApp = "Journal of the Institute of Mathematics and
     its Applications" }
 @String{InstMathApp = "J. Inst. Math. Appl." }
 @String{IntControl = "International Journal of Control" }
 @String{IntControl = "Internat. J. Control" }
 @String{IntNumerEng = "International Journal for Numerical Methods in
     Engineering" }
 @String{IntNumerEng = "Internat. J. Numer. Methods Engrg." }
 @String{IntSuper = "International Journal of Supercomputing Applications" }
 @String{IntSuper = "Internat. J. Supercomputing Applic." } % didn't find
%% in AMS MR
 @String{Kibernetika = "Kibernetika" }
 @String{JResNatBurStand = "Journal of Research of the National Bureau
     of Standards" }
 @String{JResNatBurStand = "J. Res. Nat. Bur. Standards" }
 @String{LinAlgApp = "Linear Algebra and its Applications" }
 @String{LinAlgApp = "Linear Algebra Appl." }
 @String{MathAnaAppl = "Journal of Mathematical Analysis and Applications" }
 @String{MathAnaAppl = "J. Math. Anal. Appl." }
 @String{MathAnnalen = "Mathematische Annalen" }
 @String{MathAnnalen = "Math. Ann." }
 @String{MathPhys = "Journal of Mathematical Physics" }
 @String{MathPhys = "J. Math. Phys." }
 @String{MathComp = "Mathematics of Computation" }
 @String{MathComp = "Math. Comp." }
 @String{MathScand = "Mathematica Scandinavica" }
 @String{MathScand = "Math. Scand." }
 @String{TablesAidsComp = "Mathematical Tables and Other Aids to Computation" }
 @String{TablesAidsComp = "Math. Tables Aids Comput." }
 @String{NumerMath = "Numerische Mathematik" }
 @String{NumerMath = "Numer. Math." }
 @String{PacificMath = "Pacific Journal of Mathematics" }
 @String{PacificMath = "Pacific J. Math." }
 @String{ParDistComp = "Journal of Parallel and Distributed Computing" }
 @String{ParDistComp = "J. Parallel and Distrib. Comput." } % didn't find
%% in AMS MR
 @String{ParComputing = "Parallel Computing" }
 @String{ParComputing = "Parallel Comput." }
 @String{PhilMag = "Philosophical Magazine" }
 @String{PhilMag = "Philos. Mag." }
 @String{ProcNAS = "Proceedings of the National Academy of Sciences
                    of the USA" }
 @String{ProcNAS = "Proc. Nat. Acad. Sci. U. S. A." }
 @String{Psychometrika = "Psychometrika" }
 @String{QuartMath = "Quarterly Journal of Mathematics, Oxford, Series (2)" }
 @String{QuartMath = "Quart. J. Math. Oxford Ser. (2)" }
 @String{QuartApplMath = "Quarterly of Applied Mathematics" }
 @String{QuartApplMath = "Quart. Appl. Math." }
 @String{RevueInstStat = "Review of the International Statisical Institute" }
 @String{RevueInstStat = "Rev. Inst. Internat. Statist." }

 %SIAM
 @String{JSIAM = "Journal of the Society for Industrial and Applied
     Mathematics" }
 @String{JSIAM = "J. Soc. Indust. Appl. Math." }
 @String{JSIAMB = "Journal of the Society for Industrial and Applied
     Mathematics, Series B, Numerical Analysis" }
 @String{JSIAMB = "J. Soc. Indust. Appl. Math. Ser. B Numer. Anal." }
 @String{SIAMAlgMeth = "{SIAM} Journal on Algebraic and Discrete Methods" }
 @String{SIAMAlgMeth = "{SIAM} J. Algebraic Discrete Methods" }
 @String{SIAMAppMath = "{SIAM} Journal on Applied Mathematics" }
 @String{SIAMAppMath = "{SIAM} J. Appl. Math." }
 @String{SIAMComp = "{SIAM} Journal on Computing" }
 @String{SIAMComp = "{SIAM} J. Comput." }
 @String{SIAMMatrix = "{SIAM} Journal on Matrix Analysis and Applications" }
 @String{SIAMMatrix = "{SIAM} J. Matrix Anal. Appl." }
 @String{SIAMNumAnal = "{SIAM} Journal on Numerical Analysis" }
 @String{SIAMNumAnal = "{SIAM} J. Numer. Anal." }
 @String{SIAMReview = "{SIAM} Review" }
 @String{SIAMReview = "{SIAM} Rev." }
 @String{SIAMSciStat = "{SIAM} Journal on Scientific and Statistical
     Computing" }
 @String{SIAMSciStat = "{SIAM} J. Sci. Statist. Comput." }

 @String{SoftPracExp = "Software Practice and Experience" }
 @String{SoftPracExp = "Software Prac. Experience" } % didn't find in AMS MR
 @String{StatScience = "Statistical Science" }
 @String{StatScience = "Statist. Sci." }
 @String{Techno = "Technometrics" }
 @String{USSRCompMathPhys = "{USSR} Computational Mathematics and Mathematical
     Physics" }
 @String{USSRCompMathPhys = "{U. S. S. R.} Comput. Math. and Math. Phys." }
 @String{VLSICompSys = "Journal of {VLSI} and Computer Systems" }
 @String{VLSICompSys = "J. {VLSI} Comput. Syst." }
 @String{ZAngewMathMech = "Zeitschrift fur Angewandte Mathematik und
     Mechanik" }
 @String{ZAngewMathMech = "Z. Angew. Math. Mech." }
 @String{ZAngewMathPhys = "Zeitschrift fur Angewandte Mathematik und Physik" }
 @String{ZAngewMathPhys = "Z. Angew. Math. Phys." }

% Publishers % ================================================= |

 @String{Academic = "Academic Press" }
 @String{ACMPress = "{ACM} Press" }
 @String{AdamHilger = "Adam Hilger" }
 @String{AddisonWesley = "Addison-Wesley" }
 @String{AllynBacon = "Allyn and Bacon" }
 @String{AMS = "American Mathematical Society" }
 @String{Birkhauser = "Birkha{\"u}ser" }
 @String{CambridgePress = "Cambridge University Press" }
 @String{Chelsea = "Chelsea" }
 @String{ClaredonPress = "Claredon Press" }
 @String{DoverPub = "Dover Publications" }
 @String{Eyolles = "Eyolles" }
 @String{HoltRinehartWinston = "Holt, Rinehart and Winston" }
 @String{Interscience = "Interscience" }
 @String{JohnsHopkinsPress = "The Johns Hopkins University Press" }
 @String{JohnWileySons = "John Wiley and Sons" }
 @String{Macmillan = "Macmillan" }
 @String{MathWorks = "The Math Works Inc." }
 @String{McGrawHill = "McGraw-Hill" }
 @String{NatBurStd = "National Bureau of Standards" }
 @String{NorthHolland = "North-Holland" }
 @String{OxfordPress = "Oxford University Press" }  %address Oxford or London?
 @String{PergamonPress = "Pergamon Press" }
 @String{PlenumPress = "Plenum Press" }
 @String{PrenticeHall = "Prentice-Hall" }
 @String{SIAMPub = "{SIAM} Publications" }
 @String{Springer = "Springer-Verlag" }
 @String{TexasPress = "University of Texas Press" }
 @String{VanNostrand = "Van Nostrand" }
 @String{WHFreeman = "W. H. Freeman and Co." }

%Entries

@article{10.1145/322217.322232,
author = {Ladner, Richard E. and Fischer, Michael J.},
title = {Parallel Prefix Computation},
year = {1980},
issue_date = {Oct. 1980},
publisher = {Association for Computing Machinery},
address = {New York, NY, USA},
volume = {27},
number = {4},
issn = {0004-5411},
url = {https://doi.org/10.1145/322217.322232},
doi = {10.1145/322217.322232},
journal = {J. ACM},
month = oct,
pages = {831â€“838},
numpages = {8}
}

@article{10.1145/7902.7903,
author = {Hillis, W. Daniel and Steele, Guy L.},
title = {Data parallel algorithms},
year = {1986},
issue_date = {Dec. 1986},
publisher = {Association for Computing Machinery},
address = {New York, NY, USA},
volume = {29},
number = {12},
issn = {0001-0782},
url = {https://doi.org/10.1145/7902.7903},
doi = {10.1145/7902.7903},
abstract = {Parallel computers with tens of thousands of processors are typically programmed in a data parallel style, as opposed to the control parallel style used in multiprocessing. The success of data parallel algorithmsâ€”even on problems that at first glance seem inherently serialâ€”suggests that this style of programming has much wider applicability than was previously thought.},
journal = {Commun. ACM},
month = dec,
pages = {1170â€“1183},
numpages = {14}
}

@ARTICLE{5009159,
  author={Kogge, Peter M. and Stone, Harold S.},
  journal={IEEE Transactions on Computers}, 
  title={A Parallel Algorithm for the Efficient Solution of a General Class of Recurrence Equations}, 
  year={1973},
  volume={C-22},
  number={8},
  pages={786-793},
  keywords={Program processors;Equations;Computers;Mathematical model;Parallel algorithms;Data mining;Polynomials;Parallel algorithms;parallel computation;recurrence problems;recursive doubling},
  doi={10.1109/TC.1973.5009159}}

@ARTICLE{1675982,
  author={Brent and Kung},
  journal={IEEE Transactions on Computers}, 
  title={A Regular Layout for Parallel Adders}, 
  year={1982},
  volume={C-31},
  number={3},
  pages={260-264},
  keywords={Addition;area-time complexity;carry lookahead;circuit design;combinational logic;models of computation;parallel addition;parallel polynomial evaluation;prefix computation;VLSI},
  doi={10.1109/TC.1982.1675982}}

@ARTICLE{5219822,
  author={Sklansky, J.},
  journal={IRE Transactions on Electronic Computers}, 
  title={Conditional-Sum Addition Logic}, 
  year={1960},
  volume={EC-9},
  number={2},
  pages={226-231},
  keywords={Adders;Bibliographies;Delay effects;Propagation delay;Digital arithmetic;Logic design;Petroleum;Switching circuits;Distributed computing;Senior members},
  doi={10.1109/TEC.1960.5219822}}

@techreport{Merrill2016,
  author       = {Duane Merrill and Michael Garland},
  title        = {Single-pass Parallel Prefix Scan with Decoupled Look-back},
  institution  = {NVIDIA Corporation},
  year         = {2016},
  number       = {NVR-2016-002},
  month        = mar,
  url          = {https://research.nvidia.com/publication/2016-03_single-pass-parallel-prefix-scan-decoupled-look-back}
}

@manual{NvidiaCudaGuide,
  title        = {CUDA C Programming Guide},
  author       = {{NVIDIA Corporation}},
  year         = {2024},
  institution  = {NVIDIA Corporation},
  url          = {https://docs.nvidia.com/cuda/cuda-c-programming-guide/},
  note         = {Accessed: 2024-12-06}
}

@techreport{NvidiaVoltaWhitepaper,
  title        = {NVIDIA Volta Architecture Whitepaper},
  author       = {{NVIDIA Corporation}},
  year         = {2017},
  institution  = {NVIDIA Corporation},
  url          = {https://images.nvidia.com/content/volta-architecture/pdf/volta-architecture-whitepaper.pdf},
}

@misc{adinets2022onesweepfastersignificantdigit,
      title={Onesweep: A Faster Least Significant Digit Radix Sort for GPUs}, 
      author={Andy Adinets and Duane Merrill},
      year={2022},
      eprint={2206.01784},
      archivePrefix={arXiv},
      primaryClass={cs.DC},
      url={https://arxiv.org/abs/2206.01784}, 
}

@inproceedings{10.1145/3035918.3064043,
author = {Stehle, Elias and Jacobsen, Hans-Arno},
title = {A Memory Bandwidth-Efficient Hybrid Radix Sort on GPUs},
year = {2017},
isbn = {9781450341974},
publisher = {Association for Computing Machinery},
address = {New York, NY, USA},
url = {https://doi.org/10.1145/3035918.3064043},
doi = {10.1145/3035918.3064043},
booktitle = {Proceedings of the 2017 ACM International Conference on Management of Data},
pages = {417â€“432},
numpages = {16},
keywords = {gpu, heterogeneous computing, parallel sorting, radix sort, sorting},
location = {Chicago, Illinois, USA},
series = {SIGMOD '17}
}

@techreport{Sengupta2008,
  author       = {Shubhabrata Sengupta and Mark Harris and Michael Garland},
  title        = {Efficient Parallel Scan Algorithms for GPUs},
  institution  = {NVIDIA Corporation},
  year         = {2008},
  number       = {NVR-2008-003},
  month        = {December},
  url          = {https://research.nvidia.com/publication/2008-12_efficient-parallel-scan-algorithms-gpus}
}

@inproceedings{10.5555/1280094.1280110,
author = {Sengupta, Shubhabrata and Harris, Mark and Zhang, Yao and Owens, John D.},
title = {Scan primitives for GPU computing},
year = {2007},
isbn = {9781595936257},
publisher = {Eurographics Association},
address = {Goslar, DEU},
booktitle = {Proceedings of the 22nd ACM SIGGRAPH/EUROGRAPHICS Symposium on Graphics Hardware},
pages = {97â€“106},
numpages = {10},
location = {San Diego, California},
series = {GH '07}
}

@inbook{GPUGems3,
author = {Harris, Mark and Sengupta, Shubhabrata and Owens, John},
year = {2007},
month = {August},
title = {Parallel prefix sum (scan) with CUDA},
chapter = {39},
journal = {In GPU Gems 3},
publisher = {Addison Wesley},
}

@InProceedings{10.1007/978-3-540-27764-4_11,
author="Hinze, Ralf",
editor="Kozen, Dexter",
title="An Algebra of Scans",
booktitle="Mathematics of Program Construction",
year="2004",
publisher="Springer Berlin Heidelberg",
address="Berlin, Heidelberg",
pages="186--210",
isbn="978-3-540-27764-4"
}

@ARTICLE{5219801,
  author={Weinberger, A. and Smith, J. L.},
  journal={IRE Transactions on Electronic Computers}, 
  title={A One-Microsecond Adder Using One-Megacycle Circuitry}, 
  year={1956},
  volume={EC-5},
  number={2},
  pages={65-73},
  keywords={Adders;NIST;Pulse amplifiers;Clocks;Arithmetic;Light emitting diodes;Pulse transformers;Acoustic pulses;Pulse circuits;Circuit analysis computing},
  doi={10.1109/TEC.1956.5219801}}

@techreport{Merrill2009,
  author = {Merrill, Duane and Grimshaw, Andrew},
  title = {Parallel Scan for Stream Architectures},
  howpublished = {\url{https://libraopen.lib.virginia.edu/public_view/kd17cs85f}},
  note = {Accessed: 2024-12-09},
  year= {2009},
  institution = {University of Virginia},
  doi = {https://doi.org/10.18130/V3XN3C},
}

@inproceedings{10.5555/110382.110597,
author = {Chatterjee, Siddhartha and Blelloch, Guy E. and Zagha, Marco},
title = {Scan primitives for vector computers},
year = {1990},
isbn = {0897914120},
publisher = {IEEE Computer Society Press},
address = {Washington, DC, USA},
pages = {666â€“675},
numpages = {10},
location = {New York, New York, USA},
series = {Supercomputing '90}
}

@inproceedings{10.1145/1375527.1375559,
author = {Dotsenko, Yuri and Govindaraju, Naga K. and Sloan, Peter-Pike and Boyd, Charles and Manferdelli, John},
title = {Fast scan algorithms on graphics processors},
year = {2008},
isbn = {9781605581583},
publisher = {Association for Computing Machinery},
address = {New York, NY, USA},
url = {https://doi.org/10.1145/1375527.1375559},
doi = {10.1145/1375527.1375559},
abstract = {Scan and segmented scan are important data-parallel primitives for a wide range of applications. We present fast, work-efficient algorithms for these primitives on graphics processing units (GPUs). We use novel data representations that map well to the GPU architecture. Our algorithms exploit shared memory to improve memory performance. We further improve the performance of our algorithms by eliminating shared-memory bank conflicts and reducing the overheads in prior shared-memory GPU algorithms. Furthermore, our algorithms are designed to work well on general data sets, including segmented arrays with arbitrary segment lengths. We also present optimizations to improve the performance of segmented scans based on the segment lengths. We implemented our algorithms on a PC with an NVIDIA GeForce 8800 GPU and compared our results with prior GPU-based algorithms. Our results indicate up to 10x higher performance over prior algorithms on input sequences with millions of elements.},
booktitle = {Proceedings of the 22nd Annual International Conference on Supercomputing},
pages = {205â€“213},
numpages = {9},
keywords = {GPGPU, GPU, HPC, all-prefix-sum, many-core, parallel algorithm, scan, segmented scan},
location = {Island of Kos, Greece},
series = {ICS '08}
}

@inproceedings{10.1145/2442516.2442539,
author = {Yan, Shengen and Long, Guoping and Zhang, Yunquan},
title = {StreamScan: fast scan algorithms for GPUs without global barrier synchronization},
year = {2013},
isbn = {9781450319225},
publisher = {Association for Computing Machinery},
address = {New York, NY, USA},
url = {https://doi.org/10.1145/2442516.2442539},
doi = {10.1145/2442516.2442539},
booktitle = {Proceedings of the 18th ACM SIGPLAN Symposium on Principles and Practice of Parallel Programming},
pages = {229â€“238},
numpages = {10},
keywords = {scan, prefix-sum, parallel algorithms, opencl, gpu, cuda},
location = {Shenzhen, China},
series = {PPoPP '13}
}

@InProceedings{sorensen_et_al:LIPIcs.CONCUR.2018.23,
  author =	{Sorensen, Tyler and Evrard, Hugues and Donaldson, Alastair F.},
  title =	{{GPU Schedulers: How Fair Is Fair Enough?}},
  booktitle =	{29th International Conference on Concurrency Theory (CONCUR 2018)},
  pages =	{23:1--23:17},
  series =	{Leibniz International Proceedings in Informatics (LIPIcs)},
  ISBN =	{978-3-95977-087-3},
  ISSN =	{1868-8969},
  year =	{2018},
  volume =	{118},
  editor =	{Schewe, Sven and Zhang, Lijun},
  publisher =	{Schloss Dagstuhl -- Leibniz-Zentrum f{\"u}r Informatik},
  address =	{Dagstuhl, Germany},
  URL =		{https://drops.dagstuhl.de/entities/document/10.4230/LIPIcs.CONCUR.2018.23},
  URN =		{urn:nbn:de:0030-drops-95619},
  doi =		{10.4230/LIPIcs.CONCUR.2018.23},
  annote =	{Keywords: GPU scheduling, Blocking synchronisation, GPU semantics}
}

@article{10.1145/3485508,
author = {Sorensen, Tyler and Salvador, Lucas F. and Raval, Harmit and Evrard, Hugues and Wickerson, John and Martonosi, Margaret and Donaldson, Alastair F.},
title = {Specifying and testing GPU workgroup progress models},
year = {2021},
issue_date = {October 2021},
publisher = {Association for Computing Machinery},
address = {New York, NY, USA},
volume = {5},
number = {OOPSLA},
url = {https://doi.org/10.1145/3485508},
doi = {10.1145/3485508},
journal = {Proc. ACM Program. Lang.},
month = oct,
articleno = {131},
numpages = {30},
keywords = {GPU, liveness, model checking, semantics, test case synthesis}
}